@techreport{1,
  title={Pedestrian roadway fatalities},
  author={Shankar, Umesh},
  year={2003}
}
@inproceedings{2,
  title={Histograms of oriented gradients for human detection},
  author={Dalal, Navneet and Triggs, Bill},
  booktitle={2005 IEEE computer society conference on computer vision and pattern recognition (CVPR'05)},
  volume={1},
  pages={886--893},
  year={2005},
  organization={Ieee}
}
@article{3,
  title={An experimental study on pedestrian classification},
  author={Munder, Stefan and Gavrila, Dariu M},
  journal={IEEE transactions on pattern analysis and machine intelligence},
  volume={28},
  number={11},
  pages={1863--1868},
  year={2006},
  publisher={IEEE}
}
@misc{4,
  title = {mlai\_project},
  howpublished = {\url{https://github.com/lbusellato/mlai\_project}},
}